<?xml version="1.0" encoding="UTF-8"?><collection xmlns="http://www.loc.gov/MARC21/slim"><record><leader>00384nam--2200133-i-4500</leader><controlfield tag="001">000017822</controlfield><controlfield tag="002">20161230</controlfield><controlfield tag="005">20161230201032</controlfield><controlfield tag="008">060222s1000------------r-----000-0-eng-d</controlfield><datafield ind1=" " ind2=" " tag="245"><subfield code="a">Lyotropic liquid crystals and the structure of biomembranes</subfield></datafield><datafield ind1=" " ind2=" " tag="260"><subfield code="a">Washington, American Chemical Society, 1976</subfield></datafield><datafield ind1=" " ind2=" " tag="490"><subfield code="a">Advances In Chemistry Series:</subfield></datafield><datafield ind1=" " ind2=" " tag="700"><subfield code="a">Friberg, Strig</subfield></datafield><datafield ind1=" " ind2=" " tag="852"><subfield code="a">12136</subfield></datafield></record></collection>